@book{tree,
 author = "Ziemba, W.T. and Mulvey, J.M.",
 title = "Worldwide Asset and Liability Modeling",
 publisher = "Cambridge University Press",
 year = "1998" }

@article{sim,
title = "Compact representations of multi-period stochastic program using simulated path model",
author = "Hibiki, N.",
year = "2002",
language = "English",
volume = "45",
pages = "547--549",
journal = "Journal of the Operations Research Society of Japan",
issn = "0453-4514",
publisher = "Operations Research Society of Japan",
number = "4",
}

@article{hybrid,
title = "Multi-period stochastic optimization models for dynamic asset allocation",
author = "Hibiki, N.",
year = "2006",
doi = "10.1016/j.jbankfin.2005.04.027",
language = "English",
volume = "30",
pages = "365--390",
journal = "Journal of Banking and Finance",
issn = "0378-4266",
publisher = "Elsevier",
number = "2",
}